<?xml version="1.0" encoding="UTF-8"?><collection xmlns="http://www.loc.gov/MARC21/slim"><record><leader>00481nam--2200181-i-4500</leader><controlfield tag="001">000040098</controlfield><controlfield tag="002">20161230</controlfield><controlfield tag="005">20161230201042</controlfield><controlfield tag="008">060222s1000------------r-----000-0-eng-d</controlfield><datafield ind1=" " ind2=" " tag="040"><subfield code="a">IFIN-HH</subfield></datafield><datafield ind1=" " ind2=" " tag="080"><subfield code="a">801.323.2=40=590</subfield></datafield><datafield ind1="1" ind2=" " tag="100"><subfield code="a">Saineanu, Constantin</subfield></datafield><datafield ind1="1" ind2="0" tag="245"><subfield code="a">Dictionar francez-roman</subfield><subfield code="c">Constantin saineanu</subfield></datafield><datafield ind1=" " ind2=" " tag="250"><subfield code="a">Editiune Scolara</subfield></datafield><datafield ind1=" " ind2=" " tag="260"><subfield code="a">Craiova</subfield><subfield code="b">Editura Scrisul Romanesc</subfield><subfield code="c">/F.An</subfield></datafield><datafield ind1=" " ind2=" " tag="300"><subfield code="a">574 P</subfield></datafield><datafield ind1=" " ind2=" " tag="852"><subfield code="a">D.138</subfield><subfield code="c">SLG</subfield></datafield><datafield ind1=" " ind2=" " tag="CAT"><subfield code="a">Sys</subfield><subfield code="c">20130207</subfield><subfield code="h">150236</subfield></datafield></record></collection>